@ARTICLE{Gill,
   author    = "A. E. Gill",
   title     = "Some Simple Solutions for Heat-Induced Tropical Circulation",
   journal   = "Quart. J. R. Met. Soc.",
   volume    = 106,
   year      = 1980,
   pages     = "447-462",
}

@ARTICLE{KimNeilsen04,
   author    = "Kim, Y. and Nielsen, R.",
   title     = "Linkage Disequilibrium as a Signature of Selective Sweeps",
   journal   = "Genetics",
   volume    = 167,
   year      = 2004,
   pages     = "1513-1524",
}

@ARTICLE{msprime,
   author    = "Baumdicker, F. and others",
   title     = "Efficient ancestry and mutation simulation with msprime 1.0",
   journal   = "Genetics",
   volume    = 220,
   year      = 2022
}